@article{ljpot,
    author = {Jones, J. E.  and Chapman, Sydney },
    title = {{On the determination of molecular fields.--I. From the variation of the viscosity of a gas with temperature}},
    journal = {Proceedings of the Royal Society of London. Series A, Containing Papers of a Mathematical and Physical Character},
    volume = {106},
    number = {738},
    pages = {441-462},
    year = {1924},
    doi = {10.1098/rspa.1924.0081}
}

@article{PhysRev.34.57,
  title = {Diatomic Molecules According to the Wave Mechanics. II. Vibrational Levels},
  author = {Morse, Philip M.},
  journal = {Phys. Rev.},
  volume = {34},
  issue = {1},
  pages = {57--64},
  numpages = {0},
  year = {1929},
  month = {Jul},
  publisher = {American Physical Society},
  doi = {10.1103/PhysRev.34.57}
}

@article{buckingham,
    author = {Buckingham, R. A.},
    title = {The classical equation of state of gaseous helium, neon and argon},
    journal = {Proc. R. Soc. London, Ser. A},
    year = {1938},
    volume = {168},
    pages = {264-283}
}


@article{pathak,
    author = {Pathak,Rajeev K.  and Thakkar,Ajit J. },
    title = {Very short‐range interatomic potentials},
    journal = {The Journal of Chemical Physics},
    volume = {87},
    number = {4},
    pages = {2186-2190},
    year = {1987},
    doi = {10.1063/1.453144}
}

@article{idx178,
    author = {Deiters, Ulrich K. and Neumaier, Arnold},
    title = {Computer Simulation of the Characteristic Curves of Pure Fluids},
    journal = {Journal of Chemical \& Engineering Data},
    volume = {61},
    number = {8},
    pages = {2720-2728},
    year = {2016},
    doi = {10.1021/acs.jced.6b00133}
}

@article{idx179,
	author = {Deiters, Ulrich K. and Sadus, Richard J.},
	doi = {10.1063/1.5085420},
	eprint = {https://doi.org/10.1063/1.5085420 },
	journal = {The Journal of Chemical Physics},
	number = {13},
	pages = {134504},
	title = {Two-body interatomic potentials for He, Ne, Ar, Kr, and Xe from ab initio data},
	volume = {150},
	year = {2019}
}

@article{idx60,
    author = {Chen,Jun  and Xu,Xin  and Xu,Xin  and Zhang,Dong H. },
    title = {{A global potential energy surface for the H$_2$ + OH \leftarrow \rightarrow \text{H}$_2$O + H reaction using neural networks}},
    journal = {The Journal of Chemical Physics},
    volume = {138},
    number = {15},
    pages = {154301},
    year = {2013},
    doi = {10.1063/1.4801658}
}

@article{idx176,
    author = { B. J.   Braams  and  J. M.   Bowman },
    title = {Permutationally invariant potential energy surfaces in high dimensionality},
    journal = {International Reviews in Physical Chemistry},
    volume = {28},
    number = {4},
    pages = {577-606},
    year  = {2009},
    publisher = {Taylor & Francis},
    doi = {10.1080/01442350903234923}
}



@article{idx150,
	author = {C. M. R. Rocha and A. J. C. Varandas},
	doi = {10.1016/j.cpc.2020.107556},
	issn = {0010-4655},
	journal = {Computer Physics Communications},
	keywords = {Potential energy surfaces, Global potential functions, CHIPR},
	pages = {107556},
	title = {{A general code for fitting global potential energy surfaces via CHIPR method: Direct-Fit Diatomic and tetratomic molecules}},
	volume = {258},
	year = {2021}
}

@mastersthesis{ulrik,
    author = {Hager-Roiser, U.},
    title = {The potential energy surface of hydrogen clusters},
    school       = {University of Vienna},
    year         = {2020},
}


@misc{pt,
    title = {{Periodic table}},
    howpublished = {\url{https://pubchem.ncbi.nlm.nih.gov/periodic-table}},
    note = {Accessed: 2021-15-11}
}

@misc{ep,
    title = {{Energy profile}},
    howpublished = {\url{https://en.wikipedia.org/wiki/Energy_profile_(chemistry)#/media/File:Potential_Energy_Surface_and_Corresponding_Reaction_Coordinate_Diagram.png}},
    note = {Accessed: 2021-15-11}
}

@misc{pf,
    title = {{Protein folding}},
    howpublished = {\url{https://www.wikiwand.com/gl/Pregamento_de_prote\%C3\%ADnas}},
    note = {Accessed: 2021-18-11}
}

@misc{kfold,
    title = {{K-fold cross validation}},
    howpublished = {\url{https://androidkt.com/pytorch-k-fold-cross-validation-using-dataloader-and-sklearn/}},
    note = {Accessed: 2021-18-11}
}

@misc{ljpot,
    title = {{Lennard-Jones potential}},
    howpublished = {\url{https://www.periodni.com/gallery/lennard-jones_potential.png}},
    note = {Accessed: 2021-18-11}
}

@misc{ljpot,
    title = {{Ozone and hydrogen peroxide}},
    howpublished = {\url{https://www.pngwing.com/en/free-png-puscn}},
    note = {Accessed: 2021-19-11}
}

@misc{audet2021quantifying,
      title={Quantifying uncertainty with ensembles of surrogates for blackbox optimization}, 
      author={Charles Audet and Sébastien Le Digabel and Renaud Saltet},
      year={2021},
      eprint={2107.04360},
      archivePrefix={arXiv},
      primaryClass={math.OC}
}

@article{10.1145/1377612.1377613,
author = {Huyer, Waltraud and Neumaier, Arnold},
title = {SNOBFIT -- Stable Noisy Optimization by Branch and Fit},
year = {2008},
issue_date = {July 2008},
publisher = {Association for Computing Machinery},
address = {New York, NY, USA},
volume = {35},
number = {2},
issn = {0098-3500},
doi = {10.1145/1377612.1377613},
journal = {ACM Trans. Math. Softw.},
month = {jul},
articleno = {9},
numpages = {25},
}

@Article{jbehler,
    author ="Behler, Jörg",
    title  ="Neural network potential-energy surfaces in chemistry: a tool for large-scale simulations",
    journal  ="Phys. Chem. Chem. Phys.",
    year  ="2011",
    volume  ="13",
    issue  ="40",
    pages  ="17930-17955",
    publisher  ="The Royal Society of Chemistry",
    doi  ="10.1039/C1CP21668F",
}

